<collection xmlns="http://www.loc.gov/MARC21/slim"><record><leader>00661nam  2200205   450</leader><controlfield tag="001">790</controlfield><controlfield tag="003">http://montalegre.opacnet.com/OPAC/default.aspx?ContentAreaControl=ShowRegHoldings.ascx&amp;RegNo=16662</controlfield><datafield tag="010" ind1=" " ind2=" "><subfield code="a">972-33-1758-3</subfield></datafield><datafield tag="100" ind1=" " ind2=" "><subfield code="a">20061013d2002 a y0pory0103 ba</subfield></datafield><datafield tag="101" ind1="1" ind2=" "><subfield code="a">por</subfield><subfield code="c">eng</subfield></datafield><datafield tag="102" ind1=" " ind2=" "><subfield code="a">PT</subfield></datafield><datafield tag="200" ind1="1" ind2=" "><subfield code="a">&lt;O &gt;meu primeiro livro de jogos</subfield><subfield code="f">Clare Beaton</subfield></datafield><datafield tag="210" ind1=" " ind2=" "><subfield code="a">Lisboa</subfield><subfield code="c">Estampa</subfield><subfield code="d">2002</subfield></datafield><datafield tag="215" ind1=" " ind2=" "><subfield code="a">6 f. cartonadas</subfield><subfield code="c">il.</subfield><subfield code="d">35 cm</subfield></datafield><datafield tag="315" ind1=" " ind2=" "><subfield code="a">Contém 8 tabuleiros de jogo com mais de 40 fichas</subfield></datafield><datafield tag="606" ind1=" " ind2=" "><subfield code="a">Jogos infantis</subfield></datafield><datafield tag="675" ind1=" " ind2=" "><subfield code="a">793</subfield><subfield code="v">BN</subfield><subfield code="z">por</subfield></datafield><datafield tag="700" ind1=" " ind2="1"><subfield code="a">Beaton</subfield><subfield code="b">Clare</subfield></datafield><datafield tag="801" ind1=" " ind2="0"><subfield code="a">PT</subfield><subfield code="b">Biblioteca Municipal de Montalegre</subfield><subfield code="g">RPC</subfield></datafield><datafield tag="856" ind1=" " ind2=" "><subfield code="u">locateMedia.asp?cod=20060622104348&amp;ext=jpg</subfield><subfield code="z">CAPA</subfield></datafield><datafield tag="909" ind1="&#9;" ind2=" "><subfield code="a">1</subfield></datafield><datafield tag="966" ind1=" " ind2=" "><subfield code="a">0016765</subfield><subfield code="l">BMM</subfield><subfield code="s">SI 793 BEA meu</subfield></datafield></record></collection>